@article{greenwade93,
  author          = {George},
  journal         = {TUGboat},
  number          = {3},
  title           = {The Text},
  volume          = {14},
  year            = {1993}
}